
<!--245-->
<record>
  <leader>00688nam a22002051a 4500</leader>
  <datafield tag="999" ind1=" " ind2=" ">
    <subfield code="c">30581</subfield>
    <subfield code="d">30581</subfield>
  </datafield>
  <controlfield tag="003">BR-MnINPA</controlfield>
  <controlfield tag="005">20180919164724.0</controlfield>
  <controlfield tag="008">160321|1974    bl |||||||||||||| ||por d</controlfield>
  <datafield tag="082" ind1=" " ind2=" ">
    <subfield code="2">19</subfield>
    <subfield code="a">016.9181</subfield>
  </datafield>
  <datafield tag="090" ind1=" " ind2=" ">
    <subfield code="a">016.9181</subfield>
    <subfield code="b">C972</subfield>
  </datafield>
  <datafield tag="100" ind1=" " ind2=" ">
    <subfield code="9">5944</subfield>
    <subfield code="a">Cunha, Alda das Mercês Moreira da</subfield>
  </datafield>
  <datafield tag="245" ind1=" " ind2=" ">
    <subfield code="a">Georgrafia da Amazônia:</subfield>
    <subfield code="b">bibliografia /</subfield>
    <subfield code="c">Alda das Mercês Moreira da Cunha, Maria Thereza Alves, Clara Maria Galvão, Saphyra Farias Leitão. -</subfield>
  </datafield>
  <datafield tag="260" ind1=" " ind2=" ">
    <subfield code="a">Belém:</subfield>
    <subfield code="b">[sem nome],</subfield>
    <subfield code="c">1974</subfield>
  </datafield>
  <datafield tag="300" ind1=" " ind2=" ">
    <subfield code="a">85f. </subfield>
  </datafield>
  <datafield tag="650" ind1=" " ind2="7">
    <subfield code="9">574</subfield>
    <subfield code="a">Amazônia</subfield>
    <subfield code="x">Geografia</subfield>
    <subfield code="x">Bibliografia</subfield>
  </datafield>
  <datafield tag="700" ind1=" " ind2=" ">
    <subfield code="a">Alves, Maria Thereza</subfield>
  </datafield>
  <datafield tag="700" ind1=" " ind2=" ">
    <subfield code="a">Galvão, Clara Maria</subfield>
  </datafield>
  <datafield tag="700" ind1=" " ind2=" ">
    <subfield code="a">Leita, Saphyra Farias</subfield>
  </datafield>
  <datafield tag="942" ind1=" " ind2=" ">
    <subfield code="c">L</subfield>
  </datafield>
  <datafield tag="952" ind1=" " ind2=" ">
    <subfield code="0">0</subfield>
    <subfield code="1">0</subfield>
    <subfield code="2">ddc</subfield>
    <subfield code="4">0</subfield>
    <subfield code="6">AM_016_918100000000000_C972</subfield>
    <subfield code="7">0</subfield>
    <subfield code="8">AM</subfield>
    <subfield code="9">38947</subfield>
    <subfield code="a">sdin</subfield>
    <subfield code="b">sdin</subfield>
    <subfield code="d">2018-09-19</subfield>
    <subfield code="l">0</subfield>
    <subfield code="o">AM 016.9181 C972</subfield>
    <subfield code="p">94-0144</subfield>
    <subfield code="r">2018-09-19</subfield>
    <subfield code="w">2018-09-19</subfield>
    <subfield code="y">L</subfield>
  </datafield>
</record>