
<!--249-->
<record>
  <leader>00858nam a2200265   4500</leader>
  <controlfield tag="001">BIBLIOPAC-003582</controlfield>
  <controlfield tag="008">030701s1987    bl     f      000 0 por  </controlfield>
  <datafield tag="082" ind1="1" ind2=" ">
    <subfield code="a">016.9811</subfield>
  </datafield>
  <datafield tag="090" ind1=" " ind2=" ">
    <subfield code="a">016.9811</subfield>
    <subfield code="b">I62</subfield>
  </datafield>
  <datafield tag="245" ind1="0" ind2="0">
    <subfield code="a">Inventário analítico do fundo Rudolf Schuller.</subfield>
  </datafield>
  <datafield tag="260" ind1=" " ind2=" ">
    <subfield code="a">Belém : </subfield>
    <subfield code="b">Museu Paraense Emilio Goeldi, </subfield>
    <subfield code="c">1987.</subfield>
  </datafield>
  <datafield tag="300" ind1=" " ind2=" ">
    <subfield code="a">87 p.</subfield>
  </datafield>
  <datafield tag="500" ind1=" " ind2=" ">
    <subfield code="a">Apoio financeiro IBM Indústria, Máquinas e Serviços Ltda.</subfield>
  </datafield>
  <datafield tag="500" ind1=" " ind2=" ">
    <subfield code="a">"Projeto Arquivo Permanente do Museu Paraense Emilio Goeldi."</subfield>
  </datafield>
  <datafield tag="600" ind1="1" ind2="4">
    <subfield code="a">Schuller, Rodolfo R., </subfield>
    <subfield code="d">1873-1932</subfield>
    <subfield code="x">Biblioteca</subfield>
  </datafield>
  <datafield tag="600" ind1=" " ind2=" ">
    <subfield code="x">Catálogos.</subfield>
  </datafield>
  <datafield tag="610" ind1="2" ind2="4">
    <subfield code="a">Museu Paraense Emílio Goeldi</subfield>
    <subfield code="x">Catálogos.</subfield>
  </datafield>
  <datafield tag="651" ind1=" " ind2="4">
    <subfield code="a">Amazônia</subfield>
    <subfield code="x">História</subfield>
  </datafield>
  <datafield tag="651" ind1=" " ind2=" ">
    <subfield code="x">Fontes</subfield>
  </datafield>
  <datafield tag="651" ind1=" " ind2=" ">
    <subfield code="x">Catálogos.</subfield>
  </datafield>
  <datafield tag="650" ind1=" " ind2="4">
    <subfield code="a">Amazônia</subfield>
    <subfield code="x">Descoberta e exploração</subfield>
  </datafield>
  <datafield tag="651" ind1=" " ind2=" ">
    <subfield code="x">Fontes</subfield>
  </datafield>
  <datafield tag="651" ind1=" " ind2=" ">
    <subfield code="x">Catálogos.</subfield>
  </datafield>
  <datafield tag="942" ind1=" " ind2=" ">
    <subfield code="c">L</subfield>
  </datafield>
  <datafield tag="999" ind1=" " ind2=" ">
    <subfield code="c">10401</subfield>
    <subfield code="d">10401</subfield>
  </datafield>
  <datafield tag="952" ind1=" " ind2=" ">
    <subfield code="0">0</subfield>
    <subfield code="1">0</subfield>
    <subfield code="2">ddc</subfield>
    <subfield code="4">0</subfield>
    <subfield code="6">AM_016_981100000000000_I62</subfield>
    <subfield code="7">0</subfield>
    <subfield code="8">AM</subfield>
    <subfield code="9">13628</subfield>
    <subfield code="a">sdin</subfield>
    <subfield code="b">sdin</subfield>
    <subfield code="d">2016-11-23</subfield>
    <subfield code="l">0</subfield>
    <subfield code="o">AM 016.9811 I62</subfield>
    <subfield code="p">87-0526</subfield>
    <subfield code="r">2016-11-23</subfield>
    <subfield code="w">2016-11-23</subfield>
    <subfield code="y">L</subfield>
  </datafield>
</record>