
<!--250-->
<record>
  <leader>00634nam a2200181   4500</leader>
  <datafield tag="999" ind1=" " ind2=" ">
    <subfield code="c">31304</subfield>
    <subfield code="d">31304</subfield>
  </datafield>
  <controlfield tag="003">BR-MnINPA</controlfield>
  <controlfield tag="005">20191126145442.0</controlfield>
  <controlfield tag="008">160321|        bl |||||||||||||| ||por d</controlfield>
  <datafield tag="082" ind1=" " ind2=" ">
    <subfield code="2">22</subfield>
    <subfield code="a">016.98111</subfield>
  </datafield>
  <datafield tag="090" ind1=" " ind2=" ">
    <subfield code="a">016.98111</subfield>
    <subfield code="b">A489 </subfield>
  </datafield>
  <datafield tag="110" ind1=" " ind2=" ">
    <subfield code="9">6524</subfield>
    <subfield code="a">Instituto Brasileiro de Bibliografia e Documentação</subfield>
  </datafield>
  <datafield tag="245" ind1=" " ind2=" ">
    <subfield code="a">Amazônia:</subfield>
    <subfield code="b">bibliografia 1614-1962 / </subfield>
    <subfield code="c">BRASIL, Instituto Brasileiro de Bibliografia e Documentação.</subfield>
  </datafield>
  <datafield tag="260" ind1=" " ind2=" ">
    <subfield code="a">Rio de Janeiro:</subfield>
    <subfield code="b">[s.n],</subfield>
    <subfield code="c">1963</subfield>
  </datafield>
  <datafield tag="300" ind1=" " ind2=" ">
    <subfield code="a">832 f. :</subfield>
    <subfield code="b">ilust., color. </subfield>
  </datafield>
  <datafield tag="610" ind1="2" ind2="4">
    <subfield code="9">588</subfield>
    <subfield code="a">Instituto Nacional de Pesquisas da Amazônia (Brasil)</subfield>
  </datafield>
  <datafield tag="650" ind1=" " ind2="0">
    <subfield code="9">5329</subfield>
    <subfield code="a">Amazônia</subfield>
  </datafield>
  <datafield tag="942" ind1=" " ind2=" ">
    <subfield code="2">ddc</subfield>
    <subfield code="c">L</subfield>
  </datafield>
  <datafield tag="952" ind1=" " ind2=" ">
    <subfield code="0">0</subfield>
    <subfield code="1">0</subfield>
    <subfield code="2">ddc</subfield>
    <subfield code="4">0</subfield>
    <subfield code="6">016_981110000000000_A489</subfield>
    <subfield code="7">0</subfield>
    <subfield code="8">AM</subfield>
    <subfield code="9">40229</subfield>
    <subfield code="a">sdin</subfield>
    <subfield code="b">sdin</subfield>
    <subfield code="d">2019-11-26</subfield>
    <subfield code="l">0</subfield>
    <subfield code="o">016.98111 A489</subfield>
    <subfield code="p">2019-0479</subfield>
    <subfield code="r">2019-11-26</subfield>
    <subfield code="w">2019-11-26</subfield>
    <subfield code="y">L</subfield>
  </datafield>
</record>