
<!--252-->
<record>
  <leader>01155cas a2200325   4500</leader>
  <datafield tag="999" ind1=" " ind2=" ">
    <subfield code="c">30582</subfield>
    <subfield code="d">30582</subfield>
  </datafield>
  <controlfield tag="003">BR-MnINPA</controlfield>
  <controlfield tag="005">20180920133229.0</controlfield>
  <controlfield tag="008">760608c19789999bl uu     bc  0    0por  </controlfield>
  <datafield tag="010" ind1=" " ind2=" ">
    <subfield code="a">   76641705 </subfield>
  </datafield>
  <datafield tag="035" ind1=" " ind2=" ">
    <subfield code="a">(OCoLC)ocm02441335 </subfield>
  </datafield>
  <datafield tag="040" ind1=" " ind2=" ">
    <subfield code="a">DLC</subfield>
    <subfield code="b">eng</subfield>
    <subfield code="c">DLC</subfield>
    <subfield code="d">NST</subfield>
    <subfield code="d">InU</subfield>
    <subfield code="d">OCLCO</subfield>
    <subfield code="d">OCoLC</subfield>
  </datafield>
  <datafield tag="042" ind1=" " ind2=" ">
    <subfield code="a">pcc</subfield>
  </datafield>
  <datafield tag="043" ind1=" " ind2=" ">
    <subfield code="a">s-bl---</subfield>
    <subfield code="a">sa-----</subfield>
  </datafield>
  <datafield tag="050" ind1="0" ind2="0">
    <subfield code="a">Z7165.B7</subfield>
    <subfield code="b">D6</subfield>
    <subfield code="a">HC188.A5</subfield>
  </datafield>
  <datafield tag="082" ind1="0" ind2="0">
    <subfield code="a">017</subfield>
    <subfield code="2">19</subfield>
  </datafield>
  <datafield tag="090" ind1=" " ind2=" ">
    <subfield code="a">017</subfield>
    <subfield code="b">D637</subfield>
  </datafield>
  <datafield tag="245" ind1="0" ind2="0">
    <subfield code="a">Documentação amazônica:</subfield>
    <subfield code="b">catálogo coletivo. -</subfield>
  </datafield>
  <datafield tag="260" ind1=" " ind2=" ">
    <subfield code="a">Belém:</subfield>
    <subfield code="b">Rede de Bibliotecas da Amazônia,</subfield>
    <subfield code="c">1978</subfield>
  </datafield>
  <datafield tag="300" ind1=" " ind2=" ">
    <subfield code="c">28 cm.</subfield>
  </datafield>
  <datafield tag="362" ind1="0" ind2=" ">
    <subfield code="a">v. 1- jan./abril 1974-</subfield>
  </datafield>
  <datafield tag="590" ind1=" " ind2=" ">
    <subfield code="a">SERBIB/SERLOC merged record</subfield>
  </datafield>
  <datafield tag="651" ind1=" " ind2="0">
    <subfield code="a">Amazon River Valley</subfield>
    <subfield code="x">Economic conditions</subfield>
    <subfield code="v">Bibliography</subfield>
    <subfield code="v">Catalogs.</subfield>
  </datafield>
  <datafield tag="651" ind1=" " ind2="0">
    <subfield code="a">Amazon River Valley</subfield>
    <subfield code="v">Bibliography</subfield>
    <subfield code="v">Catalogs.</subfield>
  </datafield>
  <datafield tag="651" ind1=" " ind2="7">
    <subfield code="a">Amazônia</subfield>
    <subfield code="v">Bibliografia</subfield>
    <subfield code="v">Catálogo</subfield>
    <subfield code="9">574</subfield>
  </datafield>
  <datafield tag="651" ind1=" " ind2="4">
    <subfield code="a">Amazonas, Rio, Vale</subfield>
    <subfield code="v">Condições econômicas</subfield>
    <subfield code="v">Bibliografia</subfield>
    <subfield code="9">5948</subfield>
    <subfield code="x">Catálogo</subfield>
  </datafield>
  <datafield tag="710" ind1="2" ind2=" ">
    <subfield code="a">Rede de Bibliotecas da Amazônia.</subfield>
  </datafield>
  <datafield tag="776" ind1="0" ind2="8">
    <subfield code="i">Online version:</subfield>
    <subfield code="t">Documentação amazônica</subfield>
    <subfield code="w">(OCoLC)656680314</subfield>
  </datafield>
  <datafield tag="906" ind1=" " ind2=" ">
    <subfield code="a">7</subfield>
    <subfield code="b">cbc</subfield>
    <subfield code="c">serials</subfield>
    <subfield code="d">4</subfield>
    <subfield code="e">ncip</subfield>
    <subfield code="f">19</subfield>
    <subfield code="g">n-oclcserc</subfield>
  </datafield>
  <datafield tag="942" ind1=" " ind2=" ">
    <subfield code="2">ddc</subfield>
    <subfield code="c">L</subfield>
  </datafield>
  <datafield tag="952" ind1=" " ind2=" ">
    <subfield code="0">0</subfield>
    <subfield code="1">0</subfield>
    <subfield code="2">ddc</subfield>
    <subfield code="4">0</subfield>
    <subfield code="6">AM_017_000000000000000_D637</subfield>
    <subfield code="7">0</subfield>
    <subfield code="8">AM</subfield>
    <subfield code="9">38949</subfield>
    <subfield code="a">sdin</subfield>
    <subfield code="b">sdin</subfield>
    <subfield code="d">2018-09-20</subfield>
    <subfield code="l">0</subfield>
    <subfield code="o">AM 017 D637</subfield>
    <subfield code="p">2018-1775</subfield>
    <subfield code="r">2018-09-20</subfield>
    <subfield code="w">2018-09-20</subfield>
    <subfield code="y">L</subfield>
  </datafield>
  <datafield tag="952" ind1=" " ind2=" ">
    <subfield code="0">0</subfield>
    <subfield code="1">0</subfield>
    <subfield code="2">ddc</subfield>
    <subfield code="4">0</subfield>
    <subfield code="6">AM_017_000000000000000_D637</subfield>
    <subfield code="7">0</subfield>
    <subfield code="8">AM</subfield>
    <subfield code="9">38950</subfield>
    <subfield code="a">sdin</subfield>
    <subfield code="b">sdin</subfield>
    <subfield code="d">2018-09-20</subfield>
    <subfield code="l">0</subfield>
    <subfield code="o">AM 017 D637</subfield>
    <subfield code="p">2018-1776</subfield>
    <subfield code="r">2018-09-20</subfield>
    <subfield code="w">2018-09-20</subfield>
    <subfield code="y">L</subfield>
  </datafield>
  <datafield tag="952" ind1=" " ind2=" ">
    <subfield code="0">0</subfield>
    <subfield code="1">0</subfield>
    <subfield code="2">ddc</subfield>
    <subfield code="4">0</subfield>
    <subfield code="6">AM_017_000000000000000_D637</subfield>
    <subfield code="7">0</subfield>
    <subfield code="8">AM</subfield>
    <subfield code="9">38951</subfield>
    <subfield code="a">sdin</subfield>
    <subfield code="b">sdin</subfield>
    <subfield code="d">2018-09-20</subfield>
    <subfield code="l">0</subfield>
    <subfield code="o">AM 017 D637</subfield>
    <subfield code="p">2018-1777</subfield>
    <subfield code="r">2018-09-20</subfield>
    <subfield code="w">2018-09-20</subfield>
    <subfield code="y">L</subfield>
  </datafield>
  <datafield tag="952" ind1=" " ind2=" ">
    <subfield code="0">0</subfield>
    <subfield code="1">0</subfield>
    <subfield code="2">ddc</subfield>
    <subfield code="4">0</subfield>
    <subfield code="6">AM_017_000000000000000_D637</subfield>
    <subfield code="7">0</subfield>
    <subfield code="8">AM</subfield>
    <subfield code="9">38952</subfield>
    <subfield code="a">sdin</subfield>
    <subfield code="b">sdin</subfield>
    <subfield code="d">2018-09-20</subfield>
    <subfield code="l">0</subfield>
    <subfield code="o">AM 017 D637</subfield>
    <subfield code="p">2018-1778</subfield>
    <subfield code="r">2018-09-20</subfield>
    <subfield code="w">2018-09-20</subfield>
    <subfield code="y">L</subfield>
  </datafield>
</record>