
<!--253-->
<record>
  <leader>00539nam a2200181   4500</leader>
  <controlfield tag="001">BIBLIOPAC-009090</controlfield>
  <controlfield tag="005">20161123142548.0</controlfield>
  <controlfield tag="008">080605s        bl     f     0000 0 por  </controlfield>
  <datafield tag="020" ind1=" " ind2=" ">
    <subfield code="a">978-85-7004-275-0</subfield>
  </datafield>
  <datafield tag="082" ind1="1" ind2=" ">
    <subfield code="a">017.1</subfield>
  </datafield>
  <datafield tag="090" ind1=" " ind2=" ">
    <subfield code="a">017.1</subfield>
    <subfield code="b">F981</subfield>
  </datafield>
  <datafield tag="110" ind1="2" ind2=" ">
    <subfield code="a">Fundação Casa de Rui Barbosa. Biblioteca</subfield>
  </datafield>
  <datafield tag="245" ind1="1" ind2="0">
    <subfield code="a">Catálogo da Biblioteca de Rui Barbosa/ </subfield>
    <subfield code="c">Fundação Casa de Rui Barbosa. </subfield>
  </datafield>
  <datafield tag="260" ind1=" " ind2=" ">
    <subfield code="a">Rio de Janeiro: </subfield>
    <subfield code="b">FCRB, </subfield>
    <subfield code="c">2007.</subfield>
  </datafield>
  <datafield tag="300" ind1=" " ind2=" ">
    <subfield code="a">844 p.: </subfield>
    <subfield code="b">il.</subfield>
  </datafield>
  <datafield tag="650" ind1=" " ind2="4">
    <subfield code="a">Catálogos de bibliotecas.</subfield>
  </datafield>
  <datafield tag="942" ind1=" " ind2=" ">
    <subfield code="c">L</subfield>
  </datafield>
  <datafield tag="999" ind1=" " ind2=" ">
    <subfield code="c">15847</subfield>
    <subfield code="d">15847</subfield>
  </datafield>
  <datafield tag="952" ind1=" " ind2=" ">
    <subfield code="0">0</subfield>
    <subfield code="1">0</subfield>
    <subfield code="4">0</subfield>
    <subfield code="6">017_100000000000000_F981</subfield>
    <subfield code="7">0</subfield>
    <subfield code="8">G</subfield>
    <subfield code="9">21526</subfield>
    <subfield code="a">sdin</subfield>
    <subfield code="b">sdin</subfield>
    <subfield code="d">2016-11-23</subfield>
    <subfield code="l">0</subfield>
    <subfield code="o">017.1 F981</subfield>
    <subfield code="p">08-0221</subfield>
    <subfield code="r">2016-11-23</subfield>
    <subfield code="w">2016-11-23</subfield>
    <subfield code="y">L</subfield>
  </datafield>
</record>