
<!--256-->
<record>
  <leader>00575nam a2200193   4500</leader>
  <controlfield tag="001">BIBLIOPAC-010751</controlfield>
  <controlfield tag="005">20161123142933.0</controlfield>
  <controlfield tag="008">140710s1977    bl     f     0000 0 por  </controlfield>
  <datafield tag="082" ind1="1" ind2=" ">
    <subfield code="a">020.6</subfield>
  </datafield>
  <datafield tag="090" ind1=" " ind2=" ">
    <subfield code="a">020.6</subfield>
    <subfield code="b">M672p</subfield>
  </datafield>
  <datafield tag="100" ind1="1" ind2=" ">
    <subfield code="a">Miranda, Antonio</subfield>
  </datafield>
  <datafield tag="245" ind1="1" ind2="0">
    <subfield code="a">Planejamento bibliotecário no Brasil : </subfield>
    <subfield code="b">a informação para o desenvolvimento / </subfield>
    <subfield code="c">Antonio Miranda.</subfield>
  </datafield>
  <datafield tag="260" ind1=" " ind2=" ">
    <subfield code="a">Brasília : </subfield>
    <subfield code="b">Livros Técnicos, </subfield>
    <subfield code="c">1977.</subfield>
  </datafield>
  <datafield tag="300" ind1=" " ind2=" ">
    <subfield code="a">135 p.</subfield>
  </datafield>
  <datafield tag="505" ind1=" " ind2="0">
    <subfield code="a">Contém índice.</subfield>
  </datafield>
  <datafield tag="650" ind1=" " ind2="4">
    <subfield code="a">Planejamento bibliotecário.</subfield>
  </datafield>
  <datafield tag="650" ind1=" " ind2="4">
    <subfield code="a">Biblioteconomia.</subfield>
  </datafield>
  <datafield tag="942" ind1=" " ind2=" ">
    <subfield code="c">L</subfield>
  </datafield>
  <datafield tag="999" ind1=" " ind2=" ">
    <subfield code="c">17461</subfield>
    <subfield code="d">17461</subfield>
  </datafield>
  <datafield tag="952" ind1=" " ind2=" ">
    <subfield code="0">0</subfield>
    <subfield code="1">0</subfield>
    <subfield code="2">ddc</subfield>
    <subfield code="4">0</subfield>
    <subfield code="6">020_600000000000000_M672P</subfield>
    <subfield code="7">0</subfield>
    <subfield code="8">G</subfield>
    <subfield code="9">40380</subfield>
    <subfield code="a">sdin</subfield>
    <subfield code="b">sdin</subfield>
    <subfield code="d">2022-06-24</subfield>
    <subfield code="l">0</subfield>
    <subfield code="o">020.6 M672p</subfield>
    <subfield code="p">14-0702</subfield>
    <subfield code="r">2022-06-24</subfield>
    <subfield code="w">2022-06-24</subfield>
    <subfield code="y">L</subfield>
  </datafield>
</record>