
<!--257-->
<record>
  <leader>01407nam a2200241   4500</leader>
  <controlfield tag="001">BIBLIOPAC-009810</controlfield>
  <controlfield tag="008">140710s1978    bl     f     0000 0 por  </controlfield>
  
  <datafield tag="082" ind1="0" ind2=" ">
    <subfield code="a">020.70981</subfield>
  </datafield>
  <datafield tag="090" ind1=" " ind2=" ">
    <subfield code="a">020.70981</subfield>
    <subfield code="b">E59</subfield>
  </datafield>
  <datafield tag="245" ind1="1" ind2="2">
    <subfield code="a">O Ensino de biblioteconomia no Brasil :</subfield>
    <subfield code="b">relatório de equipe de pesquisa sobre o status quo das escolas de biblioteconomia e documentação, com ênfase na situação do pessoal docente /</subfield>
    <subfield code="c">editor: Nice Figueiredo. -</subfield>
  </datafield>
  <datafield tag="260" ind1=" " ind2=" ">
    <subfield code="a">Brasília :</subfield>
    <subfield code="b">Coordenação do Aperfeiçoamento de Pessoal de Nível Superior,</subfield>
    <subfield code="c">1978</subfield>
  </datafield>
  <datafield tag="300" ind1=" " ind2=" ">
    <subfield code="a">  v.  :</subfield>
    <subfield code="b">il., mapa ;</subfield>
    <subfield code="c">23cm.</subfield>
  </datafield>
  <datafield tag="500" ind1=" " ind2=" ">
    <subfield code="a">Inclui índice.</subfield>
  </datafield>
  <datafield tag="505" ind1=" " ind2=" ">
    <subfield code="a">Conteúdo: v. 1. Análise e caracterização das entidades e do pessoal - v. 2. Cadastro de entidades (escolas, departamentos e faculdades de biblioteconomia e documentação) e cadastro de professores de biblioteconomia ou quem é quem no ensino de biblioteconomia no Brasil / Cristina Argenton Colonelli - v. 3. Análise da literatura recomendada no ensino de biblioteconomia no Brasil.</subfield>
  </datafield>
  <datafield tag="590" ind1=" " ind2=" ">
    <subfield code="a">A biblioteca só possui os volumes 2 e 3.</subfield>
  </datafield>
  <datafield tag="650" ind1=" " ind2="0">
    <subfield code="a">Biblioteconomia </subfield>
    <subfield code="x">Estudo e ensino</subfield>
    <subfield code="z">Brasil.</subfield>
  </datafield>
  <datafield tag="650" ind1=" " ind2="0">
    <subfield code="a">Bibliotecários</subfield>
    <subfield code="z">Brasil.</subfield>
  </datafield>
  <datafield tag="650" ind1=" " ind2="0">
    <subfield code="a">Escolas de biblioteconomia</subfield>
    <subfield code="z">Brasil.</subfield>
  </datafield>
  <datafield tag="700" ind1=" " ind2=" ">
    <subfield code="a">Figueiredo, Nice.</subfield>
  </datafield>
  <datafield tag="700" ind1=" " ind2=" ">
    <subfield code="a">Colonelli, Cristina Argenton.</subfield>
  </datafield>
  <datafield tag="710" ind1=" " ind2=" ">
    <subfield code="a">Brasil.</subfield>
    <subfield code="b">Coordenação do Aperfeiçoamento de Pessoal de Nível Superior.</subfield>
  </datafield>
  <datafield tag="942" ind1=" " ind2=" ">
    <subfield code="c">L</subfield>
  </datafield>
  <datafield tag="999" ind1=" " ind2=" ">
    <subfield code="c">16530</subfield>
    <subfield code="d">16530</subfield>
  </datafield>
  <datafield tag="952" ind1=" " ind2=" ">
    <subfield code="0">0</subfield>
    <subfield code="1">0</subfield>
    <subfield code="4">0</subfield>
    <subfield code="6">020_709810000000000_E59</subfield>
    <subfield code="7">0</subfield>
    <subfield code="8">G</subfield>
    <subfield code="9">22540</subfield>
    <subfield code="a">sdin</subfield>
    <subfield code="b">sdin</subfield>
    <subfield code="d">0000-00-00</subfield>
    <subfield code="l">0</subfield>
    <subfield code="o">020.70981 E59</subfield>
    <subfield code="p">79-0046</subfield>
    <subfield code="r">2016-11-23</subfield>
    <subfield code="w">2016-11-23</subfield>
    <subfield code="y">L</subfield>
  </datafield>
  <datafield tag="952" ind1=" " ind2=" ">
    <subfield code="0">0</subfield>
    <subfield code="1">0</subfield>
    <subfield code="4">0</subfield>
    <subfield code="6">020_709810000000000_E59</subfield>
    <subfield code="7">0</subfield>
    <subfield code="8">G</subfield>
    <subfield code="9">22541</subfield>
    <subfield code="a">sdin</subfield>
    <subfield code="b">sdin</subfield>
    <subfield code="d">0000-00-00</subfield>
    <subfield code="l">0</subfield>
    <subfield code="o">020.70981 E59</subfield>
    <subfield code="p">79-0048</subfield>
    <subfield code="r">2016-11-23</subfield>
    <subfield code="w">2016-11-23</subfield>
    <subfield code="y">L</subfield>
  </datafield>
  <datafield tag="952" ind1=" " ind2=" ">
    <subfield code="0">0</subfield>
    <subfield code="1">0</subfield>
    <subfield code="4">0</subfield>
    <subfield code="6">020_709810000000000_E59</subfield>
    <subfield code="7">0</subfield>
    <subfield code="8">G</subfield>
    <subfield code="9">22542</subfield>
    <subfield code="a">sdin</subfield>
    <subfield code="b">sdin</subfield>
    <subfield code="d">0000-00-00</subfield>
    <subfield code="j">0</subfield>
    <subfield code="l">0</subfield>
    <subfield code="o">020.70981 E59</subfield>
    <subfield code="p">79-0049</subfield>
    <subfield code="r">2016-11-23</subfield>
    <subfield code="w">2016-11-23</subfield>
    <subfield code="y">L</subfield>
  </datafield>
</record>
</collection>
